@misc{thing_xyzzy:online,
author = {Steve Downey},
title = {The Title of My Thing:: std::thing},
howpublished = {\url{https://github.com/steve-downey/cxx-latex-paper/blob/master/min.tex}},
month = {07},
year = {2022}
}